@article{buratti1999old,
    title={Old and new designs via difference multisets and strong difference families},
    author={Buratti, Marco},
    journal={Journal of Combinatorial Designs},
    volume={7},
    number={6},
    pages={406--425},
    year={1999},
    publisher={Wiley Online Library}
}

@article{momihara2009strong,
    title={Strong difference families, difference covers, and their applications for relative difference families},
    author={Momihara, Koji},
    journal={Designs, Codes and Cryptography},
    volume={51},
    number={3},
    pages={253--273},
    year={2009},
    publisher={Springer}
}

@article{arasu2005cyclic,
    title={Cyclic difference covers},
    author={Arasu, KT and Sehgal, Surinder},
    journal={Austral. J. Combin},
    volume={32},
    pages={213--223},
    year={2005}
}

@article{arasu2005regular,
    title={Regular difference covers},
    author={Arasu, KT and Bhandari, Ashwani K and Ma, Siu-Lun and Sehgal, Surinder},
    journal={Kyungpook Math. J},
    volume={45},
    pages={137--152},
    year={2005}
}

@article{nair2004elementary,
    title={Elementary results on the binary quadratic form a\^{} 2+ ab+ b\^{} 2},
    author={Nair, Umesh P},
    journal={arXiv preprint math/0408107},
    year={2004}
}

@article{marmon2005hexagonal,
    title={Hexagonal Lattice Points on Circles},
    author={Marmon, Oscar},
    journal={arXiv preprint math/0508201},
    year={2005}
}

@misc{oeisA003136,
  author={Sloane, Neil James Alexander},
  title={The {O}n-{L}ine {E}ncyclopedia of {I}nteger {S}equences},
  howpublished={\href{https://oeis.org}},
  note={Sequence \href{https://oeis.org/A003136}{A003136}}
}

@misc{A077925,
    author={Sloane, Neil James Alexander},
    title={The {O}n-{L}ine {E}ncyclopedia of {I}nteger {S}equences},
    howpublished={\href{https://oeis.org}},
    note={Sequence \href{https://oeis.org/A077925}{A077925}}
}

@article{haanpaa2004minimum,
    title={Minimum sum and difference covers of abelian groups},
    author={Haanp{\"a}{\"a}, Harri},
    journal={Journal of Integer Sequences},
    volume={7},
    number={2},
    pages={3},
    year={2004}
}

@misc{wiki:circulant_matrix,
    author = {Wikipedia contributors},
    title = {Circulant matrix --- {Wikipedia}{,} The Free Encyclopedia},
    year = {2018},
    url = {https://en.wikipedia.org/w/index.php?title=Circulant_matrix&oldid=855060039},
    note = {[Online; accessed 19-September-2018]}
}

@article{bose1939construction,
    title={On the construction of balanced incomplete block designs},
    author={Bose, Raj Chandra},
    journal={Annals of Eugenics},
    volume={9},
    number={4},
    pages={353--399},
    year={1939},
    publisher={Wiley Online Library}
}

@article{berndt1992fitzroy,
    title={On a certain theta-function in a letter of {R}amanujan from {F}itzroy {H}ouse},
    author={Berndt, {Bruce C.}},
    journal={Ganita},
    volume={43},
    pages={33--43},
    issn = {0046-5402},
    number = {1-2},
    year={1992},
    language = {English (US)}
}

@misc{oeisA088534,
    author={Cloitre, Benoit},
    title={The {O}n-{L}ine {E}ncyclopedia of {I}nteger {S}equences},
    howpublished={\href{https://oeis.org}},
    note={Sequence \href{https://oeis.org/A088534}{A088534}}
}

@article{hirschhorn2008fitzroy,
    author = {Hirschhorn, Michael},
    year = {2008},
    month = {06},
    pages = {},
    title = {A Letter from {F}itzroy {H}ouse},
    volume = {115},
    journal = {American Mathematical Monthly},
    doi = {10.1080/00029890.2008.11920566}
}

@article{marshall1975loschian,
  title={The {L}{\"o}schian numbers as a problem in number theory},
  author={Marshall, John U},
  journal={Geographical Analysis},
  volume={7},
  number={4},
  pages={421--426},
  year={1975},
  publisher={Wiley Online Library}
}

@article{losch1954economics,
  title={Economics of location},
  author={Losch, August and others},
  year={1954},
  publisher={Yale University Press}
}

@article{donovan2016distributive,
  title={Distributive and anti-distributive {M}endelsohn triple systems},
  author={Donovan, Diane M and Griggs, Terry S and McCourt, Thomas A and Opr{\v{s}}al, Jakub and Stanovsk{\`y}, David},
  journal={Canadian Mathematical Bulletin},
  volume={59},
  number={1},
  pages={36--49},
  year={2016},
  publisher={Cambridge University Press}
}

@misc{stannard1995virus,
    author={Stannard, Linda},
    title={Principles of Virus Architecture},
    url={http://www.virology.uct.ac.za/vir/teaching/linda-stannard/principles-of-virus-architecture},
    year = {1995},
    note={[Online \href{http://www.virology.uct.ac.za/vir/teaching/linda-stannard/principles-of-virus-architecture}{http://www.virology.uct.ac.za/vir/teaching/linda-stannard/principles-of-virus-architecture}; accessed 16-January-2020]}
}

@misc{math_se_mehta,
    title = {Only certain values seem to make an expression into perfect square, can you help me prove or disprove it?},
    author = {B. Mehta (https://math.stackexchange.com/users/418148/b-mehta)},
    howpublished = {Mathematics Stack Exchange},
    note = {URL:https://math.stackexchange.com/q/2537412 (version: 2017-11-26)},
    eprint = {https://math.stackexchange.com/q/2537412},
    url = {https://math.stackexchange.com/q/2537412}
}

@MISC{jansone_z2_2,
    title = {Private communication},
    author = {Anna Jansone},
}